@book{bruegge2009object,
  title={{Object oriented software engineering}},
  author={Bruegge, B. and Dutoit, A.H.},
  year={2009},
  publisher={Prentice Hall}
}

@misc{wiki:idl,
   author = "Wikipedia",
   title = "Interface description language --- Wikipedia{,} The Free Encyclopedia",
   year = "2010",
   howpublished = "\url{http://en.wikipedia.org/w/index.php?title=Interface_description_language&oldid=340252160}",
   note = "[Online; accessed 5-March-2010]"
}
