@ONLINE{Foote2012,
author = {Foote, Tully},
title = {{ROS} Community Metrics},
month = jul,
year = {2012},
url = {http://pr.willowgarage.com/downloads/metrics/metrics-report-2012-07.pdf}
}
@MISC{rxbag,
title = {{ROS Wiki}: rxbag\_plugins roadmap},
howpublished = {\url{http://www.ros.org/wiki/rxbag_plugins}},
note = {Accessed: 24.09.2012}
}
@MISC{rvizPlugin,
title = {{ROS Wiki}: {RViz} user manual, plugins section},
howpublished = {\url{http://www.ros.org/wiki/rviz/UserGuide#Plugins}},
note = {Accessed: 27.09.2012}
}
@mastersthesis{Muellers2012,
author = {M\"{u}llers, Filip},
type = {Diplomarbeit},
file = {:home/felix/Documents/uni/ss12/master\_thesis/related-papers/rxDeveloper\_diplomarbeit.pdf:pdf},
title = {{Implementierung einer graphischen Oberfl\"{a}che zur Unterst\"{u}tzung bei der Roboter-Softwareentwicklung in ROS}},
url = {http://rxdeveloper-ros-pkg.googlecode.com/files/diplomarbeit.pdf},
year = {2012}
}
