@ONLINE{Foote2012,
author = {Foote, Tully},
title = {ROS Community Metrics},
month = jul,
year = {2012},
url = {http://pr.willowgarage.com/downloads/metrics/metrics-report-2012-07.pdf}
}
