Automatically generated by Mendeley 1.6
Any changes to this file will be lost if it is regenerated by Mendeley.

@phdthesis{Collett2007,
author = {Collett, THJ},
file = {:home/felix/Documents/uni/ss12/master\_thesis/related-papers/collett\_thesis.pdf:pdf},
title = {{Augmented reality visualisation for mobile robot developers}},
url = {https://researchspace.auckland.ac.nz/handle/2292/1510},
volume = {1994},
year = {2007}
}
@article{Collett2006,
author = {Collett, T.H.J. and MacDonald, B.a.},
doi = {10.1109/ROBOT.2006.1642308},
file = {:home/felix/Documents/uni/ss12/master\_thesis/related-papers/01642308.pdf:pdf},
isbn = {0-7803-9505-0},
journal = {Proceedings 2006 IEEE International Conference on Robotics and Automation, 2006. ICRA 2006.},
number = {May},
pages = {3954--3959},
publisher = {Ieee},
title = {{Augmented reality visualisation for player}},
url = {http://ieeexplore.ieee.org/lpdocs/epic03/wrapper.htm?arnumber=1642308},
year = {2006}
}
@inproceedings{Quigley2007,
abstract = {Mobile Robots: Papers from the AAAI Workshop},
author = {Quigley, Morgan and Berger, Eric and Ng, Andrew Y},
booktitle = {Computer},
file = {:home/felix/.local/share/data/Mendeley Ltd./Mendeley Desktop/Downloaded/Quigley, Berger, Ng - Unknown - STAIR Hardware and Software Architecture.pdf:pdf},
number = {1},
pages = {6 -- 23},
title = {{STAIR: Hardware and Software Architecture}},
url = {http://www.aaai.org/Papers/Workshops/2007/WS-07-15/WS07-15-008.pdf},
volume = {85},
year = {2007}
}
@article{Jackson2007,
author = {Jackson, J},
file = {:home/felix/Documents/uni/ss12/master\_thesis/related-papers/technical\_introduction\_ms\_robotics.pdf:pdf},
journal = {Robotics \&amp; Automation Magazine, IEEE},
number = {December},
pages = {82--87},
title = {{Microsoft robotics studio: A technical introduction}},
url = {http://ieeexplore.ieee.org/xpls/abs\_all.jsp?arnumber=4437755},
year = {2007}
}
@phdthesis{Muellers2012,
author = {M\"{u}llers, Filip},
booktitle = {-ros-pkg.googlecode.com},
file = {:home/felix/Documents/uni/ss12/master\_thesis/related-papers/rxDeveloper\_diplomarbeit.pdf:pdf},
title = {{Implementierung einer graphischen Oberfl\"{a}che zur Unterst\"{u}tzung bei der Roboter-Softwareentwicklung in ROS}},
url = {http://rxdeveloper-ros-pkg.googlecode.com/files/diplomarbeit.pdf},
year = {2012}
}
@article{Collett2010,
author = {Collett, THJ and MacDonald, Bruce},
file = {:home/felix/Documents/uni/ss12/master\_thesis/related-papers/toby\_collett\_ar\_debugging\_system.pdf:pdf},
journal = {of Software Engineering for Robotics},
number = {January},
pages = {18--32},
title = {{An Augmented Reality Debugging System for Mobile Robot Software Engineers}},
url = {http://joser.unibg.it/index.php?journal=joser\&amp;page=article\&amp;op=view\&amp;path[]=7},
volume = {1},
year = {2010}
}
@article{Quigley2009,
author = {Quigley, Morgan and Conley, Ken and Gerkey, Brian},
file = {:home/felix/Documents/uni/ss12/master\_thesis/related-papers/quigley-icra2009-ros.pdf:pdf},
journal = {ICRA},
number = {Figure 1},
pages = {151--170},
title = {{ROS: an open-source Robot Operating System}},
url = {http://pub1.willowgarage.com/~konolige/cs225B/docs/quigley-icra2009-ros.pdf},
volume = {32},
year = {2009}
}
@article{Whitley2001,
author = {Whitley, K.N. and Blackwell, Alan F.},
doi = {10.1006/jvlc.2000.0198},
file = {:home/felix/Documents/uni/ss12/master\_thesis/related-papers/labview\_survey.pdf:pdf},
issn = {1045926X},
journal = {Journal of Visual Languages \& Computing},
keywords = {cognitive dimensions,empirical evaluation,labview},
month = aug,
number = {4},
pages = {435--472},
title = {{Visual Programming in the Wild: A Survey of LabVIEW Programmers}},
url = {http://linkinghub.elsevier.com/retrieve/pii/S1045926X00901988},
volume = {12},
year = {2001}
}
@article{Gumbley2009,
author = {Gumbley, Luke and MacDonald, Bruce},
file = {:home/felix/Documents/uni/ss12/master\_thesis/related-papers/luke\_gumbley\_pap167s1.pdf:pdf},
journal = {araa.asn.au},
title = {{Realtime Debugging for Robotics Software}},
url = {http://www.araa.asn.au/acra/acra2009/papers/pap167s1.pdf},
year = {2009}
}
